@online{ECB,
  author = {ECB},
  title = {Exchange Rates, Statistical Data Warehouse},
  year = 2016,
  url = {http://sdw.ecb.europa.eu/home.do},
  urldate = {2016-11-28}
},

@online{P1,
  author = {Daniya Tlegenova},
  title = {Forecasting Exchange Rates Using Time Series Analysis: The sample of the currency of Kazakhstan},
  year = 2015,
  url = {https://arxiv.org/abs/1508.07534},
  urldate = {2016-11-28}
},

@online{P2,
  author = {Steve C Nwankwo},
  title = {Autoregressive Integrated Moving Average (ARIMA) Model for Exchange Rate (Naira to Dollar)},
  year = 2014,
  url = {http://www.mcser.org/journal/index.php/ajis/article/view/3121},
  urldate = {2016-11-29}
}
}